@inproceedings{lee2019prediction,
  title={Prediction of pushback times and ramp taxi times for departures at charlotte airport},
  author={Lee, Hanbong and Coupe, Jeremy and Jung, Yoon C},
  booktitle={AIAA Aviation 2019 Forum},
  pages={2933},
  year={2019}
}

@misc{drivendata,
author = {link},
title = {Pushback to the Future: Predict Pushback Time at US Airports (Open Arena)},
howpublished = {Available at: \url{https://www.drivendata.org/competitions/149/competition-nasa-airport-pushback/page/676/}},
note = {Accessed: March 12, 2023}
}

@misc{icao,
author = {ICAO},
title = {States adopt net-zero 2050 global aspirational goal for international flight operations},
howpublished = {Available at: \url{https://www.icao.int/Newsroom/Pages/States-adopts-netzero-2050-aspirational-goal-for-international-flight-operations.aspx}},
note = {Accessed: March 12, 2023}
}
